@article{milyo-1999,
  title={The political economics of campaign finance},
  author={Milyo, Jeffrey},
  journal={The Independent Review},
  volume={3},
  number={4},
  pages={537--547},
  year={1999},
  publisher={JSTOR}
}

@article{shaw1999effect,
  title={The effect of {TV} ads and candidate appearances on statewide presidential votes, 1988--96},
  author={Shaw, Daron R},
  journal={American Political Science Review},
  volume={93},
  number={02},
  pages={345--361},
  year={1999},
  publisher={Cambridge Univ Press}
}

@article{stratmann2006contribution,
  title={Contribution limits and the effectiveness of campaign spending},
  author={Stratmann, Thomas},
  journal={Public Choice},
  volume={129},
  number={3-4},
  pages={461--474},
  year={2006},
  publisher={Springer}
}

@article{adams1980effects,
  title={Effects of telephone canvassing on turnout and preferences: A field experiment},
  author={Adams, William C and Smith, Dennis J},
  journal={The Public Opinion Quarterly},
  volume={44},
  number={3},
  pages={389--395},
  year={1980},
  publisher={JSTOR}
}

@article{erikson1998campaign,
  title={Campaign spending and incumbency: An alternative simultaneous equations approach},
  author={Erikson, Robert S and Palfrey, Thomas R},
  journal={Journal of Politics},
  volume={60},
  number={2},
  pages={355--373},
  year={1998},
  publisher={University of Texas Press}
}

@article{milyo2001candidates,
  title={What do candidates maximize (and why should anyone care)?},
  author={Milyo, Jeffrey},
  journal={Public Choice},
  volume={109},
  number={1-2},
  pages={119--139},
  year={2001},
  publisher={Springer}
}

@article{green1988salvation,
  title={Salvation for the spendthrift incumbent: Reestimating the effects of campaign spending in {House} elections},
  author={Green, Donald Philip and Krasno, Jonathan S},
  journal={American Journal of Political Science},
  pages={884--907},
  year={1988},
  publisher={JSTOR}
}

@article{potters1997campaign,
  title={Campaign expenditures, contributions and direct endorsements: The strategic use of information and money to influence voter behavior},
  author={Potters, Jan and Sloof, Randolph and Van Winden, Frans},
  journal={European Journal of Political Economy},
  volume={13},
  number={1},
  pages={1--31},
  year={1997},
  publisher={Elsevier}
}

@article{ashworth2006campaign,
  title={Campaign finance and voter welfare with entrenched incumbents},
  author={Ashworth, Scott},
  journal={American Political Science Review},
  volume={100},
  number={01},
  pages={55--68},
  year={2006},
  publisher={Cambridge Univ Press}
}

@article{goldstein2000new,
  title= {New evidence for new arguments: Money and advertising in the 1996 {Senate} elections} ,
  author={Goldstein, Ken and Freedman, Paul},
  journal={The Journal of Politics},
  volume={62},
  number={4},
  pages={1087--1108},
  year={2000},
  publisher={University of Texas Press}
}

@article{gerber2000effects,
  title={The effects of canvassing, telephone calls, and direct mail on voter turnout: A field experiment},
  author={Gerber, Alan S and Green, Donald P},
  journal={American Political Science Review},
  volume={94},
  number={03},
  pages={653--663},
  year={2000},
  publisher={Cambridge Univ Press}
}

@article{goodliffe2001effect,
  title={The effect of war chests on challenger entry in {U.S. House} elections},
  author={Goodliffe, Jay},
  journal={American Journal of Political Science},
  pages={830--844},
  year={2001},
  publisher={JSTOR}
}

@article{milgrom1986price,
  title={Price and advertising signals of product quality},
  author={Milgrom, Paul and Roberts, John},
  journal={Journal of Political Economy},
  volume={94},
  number={4},
  pages={796--821},
  year={1986},
  publisher={The University of Chicago Press}
}

@article{ansolabehere2003there,
  title={Why is there so little money in {U.S.} politics?},
  author={Ansolabehere, Stephen and De Figueiredo, John M and Snyder, James M},
  journal={The Journal of Economic Perspectives},
  volume={17},
  number={1},
  pages={105--130},
  year={2003},
  publisher={American Economic Association}
}

@article{prat2002campaign,
  title={Campaign advertising and voter welfare},
  author={Prat, Andrea},
  journal={The Review of Economic Studies},
  volume={69},
  number={4},
  pages={999--1017},
  year={2002},
  publisher={Oxford University Press}
}

@article{prat2004rational,
  title={Rational voters and political advertising},
  author={Prat, Andrea},
  journal={Oxford Handbook of Political Economy, Oxford University Press, Oxford},
  year={2004}
}

@article{kihlstrom1984advertising,
  title={Advertising as a Signal},
  author={Kihlstrom, Richard E and Riordan, Michael H},
  journal={Journal of Political Economy},
  volume={92},
  number={3},
  pages={427--450},
  year={1984},
  publisher={The University of Chicago Press}
}

@article{milyo2015money,
  title={Money in Politics},
  author={Milyo, Jeffrey},
  journal={Emerging Trends in the Social and Behavioral Sciences: An Interdisciplinary, Searchable, and Linkable Resource},
  year={2015},
  publisher={Wiley Online Library}
}

@article{coate2004pareto,
  title={Pareto-improving campaign finance policy},
  author={Coate, Stephen},
  journal={The American Economic Review},
  volume={94},
  number={3},
  pages={628--655},
  year={2004},
  publisher={American Economic Association}
}

@article{baron1994electoral,
  title={Electoral competition with informed and uninformed voters.},
  author={Baron, David P},
  journal={American Political Science Review},
  volume={88},
  number={01},
  pages={33--47},
  year={1994},
  publisher={Cambridge Univ Press}
}

@article{levitt-1994,
  title={Using repeat challengers to estimate the effect of campaign spending on election outcomes in the {U.S. House}},
  author={Levitt, Steven D},
  journal={Journal of Political Economy},
  volume={102},
  number={4},
  pages={777--798},
  year={1994},
  publisher={The University of Chicago Press}
}

@article{moon-2006,
  title={The paradox of less effective incumbent spending: Theory and tests},
  author={Moon, Woojin},
  journal={British Journal of Political Science},
  volume={36},
  number={04},
  pages={705--721},
  year={2006},
  publisher={Cambridge Univ Press}
}

@article{jacobson-1978,
  title={The effects of campaign spending in congressional elections},
  author={Jacobson, Gary C},
  journal={American Political Science Review},
  volume={72},
  number={02},
  pages={469--491},
  year={1978},
  publisher={Cambridge Univ Press}
}

@article{coleman2000congressional,
  title={Congressional campaign spending and the quality of democracy},
  author={Coleman, John J and Manna, Paul F},
  journal={Journal of Politics},
  volume={62},
  number={3},
  pages={757--789},
  year={2000},
  publisher={Wiley Online Library}
}

@incollection{stratmann2005some,
  title={Some talk: Money in politics. {A} (partial) review of the literature},
  author={Stratmann, Thomas},
  booktitle={Policy Challenges and Political Responses},
  pages={135--156},
  year={2005},
  publisher={Springer}
}

@article{stratmann2009prices,
  title={How prices matter in politics: The returns to campaign advertising},
  author={Stratmann, Thomas},
  journal={Public Choice},
  volume={140},
  number={3-4},
  pages={357--377},
  year={2009},
  publisher={Springer}
}

@article{gerber1998estimating,
  title={Estimating the effect of campaign spending on {Senate} election outcomes using instrumental variables},
  author={Gerber, Alan S},
  journal={American Political Science Review},
  volume={92},
  number={02},
  pages={401--411},
  year={1998},
  publisher={Cambridge Univ Press}
}

@article{ansolabehere1994mismeasure,
  title={The mismeasure of campaign spending: Evidence from the 1990 {U.S. House} elections},
  author={Ansolabehere, Stephen and Gerber, Alan},
  journal={The Journal of Politics},
  volume={56},
  number={4},
  pages={1106--1118},
  year={1994},
  publisher={University of Texas Press}
}